@book{vose,
 author = {Michael D. Vose},
 title = {The  Simple Genetic Algorithm: Foundations and Theory},
 year = {1998},
 isbn = {026222058X},
 publisher = {MIT Press},
 address = {Cambridge, MA, USA},
 }
@InProceedings{Bucci2005gecco,
  author = {Anthony Bucci and Jordan Pollack},
  title  = {On Identifying Global Optima in Cooperative Coevolution},
  crossref = {ec-crossref:GECCO-05},
  pages = {539--544}
}

@InProceedings{panait06archive,
    author = "Liviu Panait and Sean Luke and Joseph Harrison",
    title = "Archive-based Cooperative Coevolutionary Algorithms",
    booktitle = "Proceedings of the Genetic and Evolutionary Computation Conference -- {GECCO}-2006",
    publisher = "ACM",
    pages = "345--352",
    year = "2006",
    }

@Article{panait08theoretical,
    author = "Liviu Panait and Karl Tuyls and Sean Luke",
    title = "Theoretical Advantages of Lenient Learners: An Evolutionary Game Theoretic Perspective",
    journal = "Journal of Machine Learning Research",
    volume = "9",
    number = "Mar",
    pages = "423--457",
    year = "2008"
    }

@PhDThesis{panait06analysis,
    author = "Liviu Panait",
    title = "The Analysis and Design of Concurrent Learning Algorithms for Cooperative Multiagent Systems",
    school = "George Mason University",
    address = "Fairfax, Virginia", 
    year = "2006"
    }

@PhDThesis{Wiegand2003phd,
  author  = {Wiegand, R. Paul},
  title   = {An Analysis of Cooperative Coevolutionary Algorithms},
  year    = 2004,
  address = {Fairfax, Virginia},
  school  = {George Mason University}
}

@article{Wiegand2004ecj,
 author = {Thomas Jansen and R. Paul Wiegand},
 title = {The Cooperative Coevolutionary (1+1) EA},
 journal = {Evolutionary Computation},
 volume = {12},
 number = {4},
 year = {2004},
 issn = {1063-6560},
 pages = {405--434},
 doi = {http://dx.doi.org/10.1162/1063656043138905},
 publisher = {MIT Press},
 address = {Cambridge, MA, USA},
 }


@article{ chellapilla99evolving,
    author = "K. Chellapilla and D. B. Fogel",
    title = "Evolving Neural Networks to Play Checkers Without Relying on Expert Knowledge",
    journal = "IEEE-NN",
    volume = "10",
    number = "6",
    pages = "1382",
    year = "1999"
}

@Article{Hillis91,
  author =       {Daniel Hillis},
  title =        {Co-Evolving parasites improve simulated Evolution as
                  an optimization procedure},
  journal =      {Artificial Life II, SFI Studies in the Sciences of
                  Complexity},
  year =         {1991},
  volume =       {10},
  pages =        {313--324},
  editor =       {Langton, C. and Taylor, C. and Farmer, J. and
                  Rasmussen, S.},
  publisher =    {Addison-Wesley}
}

@InProceedings{Potter94,
  author    = {Potter, Mitchell and De Jong, Kenneth},
  annote    = {Potter et al., 1994},
  title     = {A Cooperative Coevolutionary Approach to Function Optimization},
  pages     = {249--257},
  crossref  = {ec-crossref:PPSN-94},
}

@Article{Potter00,
  author    = {Potter, M. and De Jong, K.},
  annote    = {Potter et al., 2000},
  title     = {Cooperative Coevolution:  An Architecture for Evolving
               Coadapted Subcomponents},
  year      = {2000},
  pages     = {1--29},
  journal   = {Evolutionary Computation},
  publisher = {MIT Press},
  volume    = {8},
  number    = {1}
}

@inproceedings{ pelikan99boa,
    author = "Martin Pelikan and David E. Goldberg and Erick Cant{\'{u}}-Paz",
    title = "{BOA}: The {B}ayesian Optimization Algorithm",
    booktitle = "Proceedings of the Genetic and Evolutionary Computation Conference {GECCO}-99",
    volume = "I",
    publisher = "Morgan Kaufmann Publishers, San Fransisco, CA",
    address = "Orlando, FL",
    editor = "Wolfgang Banzhaf and Jason Daida and Agoston E. Eiben and Max H. Garzon and Vasant Honavar and Mark Jakiela and Robert E. Smith",
    isbn = "1-55860-611-4",
    pages = "525--532",
    year = "1999",
}


@inproceedings{hboa,
	author={Martin Pelikan and David E. Goldberg},
	title={Escaping Hierarchical Traps with Competent Genetic Algorithms},
	booktitle="Proceedings of the GEnetic and Evolutionary Computation Conference {GECCO}-2001",
	pages={511--518},
	year={2001},
	publisher={Morgan Kaufmann},
}

@book{devroye86nonuniform,
	title={Non-Uniform Random Variate Generation},
	author={L. Devroye},
	year={1986},
	publisher={Springer}
}



@article{umda,
	title={The Equation for Response to Selection and its Use for Prediction},
	author={Heinz M{\"u}hlenbein},
	journal = "Evolutionary Computation",
    	volume = "5",
    	number = "3",
    	pages = "303--346",
    	year = "1997",
	publisher={MIT Press},
}

@article{cga,
	title={The Compact Genetic Algorithm},
	author={G. R. and Harik and F. G. Lobo and D. E. Goldberg},
	journal={IEEE Transactions on Evolutionary Computation},
	volume={3},
	number={4},
	year={1999},
	pages={287--297},
	publisher={IEEE},
}

@techreport{pbil,
	title={Population-Based Incremental Learning: A Method for Integrating Genetic Search Based Function Optimization and Competitive Learning},
	author={Shumeet Baluja},
	year={1994},
	institution={Carnegie Mellon University},
	number={CMU-CS-94-163},
}

@article{ ZhangMuehlenbein2004,
	title={On the Convergence of a Class of Estimation of Distribution Algorithms},
	author={Qingfu Zhang and Heinz M{\"u}hlenbein},
	year={2004},
	volume={8},
	number={2},
	month={April},
	journal={IEEE Transactions on Evolutionary Computation},
	page={127--136},
	publisher={IEEE},
}

@article{ MuehlenbeinMahnig1999ECJ,
	title={{FDA}: A scalable evolutionary algorithm for the optimization of additively decomposed functions},
	year={1999},
	volume={7},
	number={1},
	journal={Evolutionary Computation},
	page={45--68},
        author={Heinz M{\"u}hlenbein and Thilo Manig},
	publisher={MIT Press},
}

@article{ MuehlenbeinManig1999JCIT,
	title={Convergence Theory and Applications of the Factorized Distribution Algorithm},
	year={1999},
	volume={7},
	page={19--32},
	journal={Journal of Computing and Information Technology},
	author={Heinz M{\"u}hlenbein and Thilo Manig},
}

@article{ Zhang2004,
	title={On the Convergence of a Factorized Distribution Algorithm with Truncdation Selection},
	year={2003},
	volume={9},
	number={4},
	page={17--23},
	author={Qingfu Zhang},
	journal={Complexity},
	publisher={Wiley Periodicals},
}

@ARTICLE{Muhlenbein99schemata,
    author = {Heinz M{\"u}hlenbein and Thilo Mahnig and Alberto Ochoa Rodriguez},
    title = {Schemata, distributions and graphical models in evolutionary optimization},
    journal = {Journal of Heuristics},
    year = {1999},
    volume = {5},
    pages = {215--247}
}

@inproceedings{pbilconverge,
	author={R. Rastegar and A. Hariri and M. Mazoochi},
	title={A Convergence Proof for the Population Based Incremental Learning Algorithm},
 	booktitle={Proceedings of the 17th IEEE International Conference on Tools with Artificial Intelligence},
	year={2005},
	publisher={IEEE},
}

@article{cgaconverge,
	author={Reza Rastegar and Arash Hariri},
	title={A Step Forward in Studying the Compact Genetic Algorithm},
	page={277--290},
	journal={Evolutionary Computation},
	year={2006},
	volume={14},
	number={3},
	publisher={MIT Press}
	}



#### Crossrefs from ec-crossref.bib

@String{Proc = {Proceedings of the }}
@String{PPSN = {International Conference on Parallel Problem Solving from Nature} }
 @String{GECCO = {Genetic and Evolutionary Computation Conference (GECCO)} }
               
@Proceedings{ec-crossref:PPSN-94,
  title =        Proc # " Third " # PPSN # " (PPSN III)",
  booktitle =    Proc # " Third " # PPSN # " (PPSN III)",
  year =         {1994},
  editor =       {Y. Davidor and H.-P. Schwefel},
  publisher =    {Springer},
}

@Proceedings{ec-crossref:GECCO-05,
  title =        Proc # GECCO # " 2005",
  booktitle =    Proc # GECCO # " 2005",
  year =         {2005},
  editor =   "{Hans-Georg Beyer et al.}",  
  publisher     = {ACM}
}

